
@article{Blanton:2011aa,
  Author = {{Blanton}, M.~R. and {Kazin}, E. and {Muna}, D. and {Weaver}, B.~A. and {Price-Whelan}, A.},
  Journal = {\aj},
  Month = jul,
  Pages = {31},
  Title = {{Improved Background Subtraction for the Sloan Digital Sky Survey Images}},
  Volume = 142,
  Year = 2011}
